<?xml version="1.0" encoding="UTF-8" ?>
<record Numero="13942059" format="InterXMarc_Complet" type="Authority">
<leader>01085c0 au22000272  45  <Pos Code="0004">01085</Pos>
<Pos Code="05" Sens="notice modifiée">c</Pos>
<Pos Code="06" Sens="notice validée par les services d&apos;autorité">0</Pos>
<Pos Code="08" Sens="notice d&apos;autorité">a</Pos>
<Pos Code="09" Sens="titre uniforme musical (TUM)">u</Pos>
<Pos Code="10">2</Pos>
<Pos Code="11">2</Pos>
<Pos Code="1216">00027</Pos>
<Pos Code="17" Sens="autres cas">2</Pos>
<Pos Code="20">4</Pos>
<Pos Code="21">5</Pos>
</leader>
<controlfield tag="001">FRBNF139420592<Pos Code="0001">FR</Pos>
<Pos Code="0204">BNF</Pos>
<Pos Code="0512">13942059</Pos>
<Pos Code="13">2</Pos>
</controlfield>
<controlfield tag="008">910912040304yyger op        1934                             010 <Pos Code="0001">91</Pos>
<Pos Code="0203">09</Pos>
<Pos Code="0405">12</Pos>
<Pos Code="0607">04</Pos>
<Pos Code="0809">03</Pos>
<Pos Code="1011">04</Pos>
<Pos Code="1213" Sens="ne s&apos;applique pas">yy</Pos>
<Pos Code="1416" Sens="allemand">ger</Pos>
<Pos Code="1820">op </Pos>
<Pos Code="2831">1934</Pos>
<Pos Code="61" Sens="La vedette peut être liée à une notice bibliographique pour les accès signalétiques et/ou pour l&apos;accès matière RAMEAU">0</Pos>
<Pos Code="62" Sens="La vedette ne peut s&apos;employer qu&apos;en tête de vedette">1</Pos>
<Pos Code="63" Sens="La vedette n&apos;admet pas de subdivision géographique">0</Pos>
</controlfield>
<datafield tag="048" ind1=" " ind2=" ">
	<subfield code="a">va02<Pos Code="0001" Sens="voix - soprano">va</Pos>
<Pos Code="02">0</Pos>
<Pos Code="03">2</Pos>
</subfield>
	<subfield code="a">vb01<Pos Code="0001" Sens="voix - mezzo-soprano">vb</Pos>
<Pos Code="02">0</Pos>
<Pos Code="03">1</Pos>
</subfield>
	<subfield code="a">vd05<Pos Code="0001" Sens="voix - ténor">vd</Pos>
<Pos Code="02">0</Pos>
<Pos Code="03">5</Pos>
</subfield>
	<subfield code="a">ve03<Pos Code="0001" Sens="voix - baryton">ve</Pos>
<Pos Code="02">0</Pos>
<Pos Code="03">3</Pos>
</subfield>
	<subfield code="a">vf01<Pos Code="0001" Sens="voix - basse">vf</Pos>
<Pos Code="02">0</Pos>
<Pos Code="03">1</Pos>
</subfield>
	<subfield code="a">cn01<Pos Code="0001" Sens="choeurs - non spécifié">cn</Pos>
<Pos Code="02">0</Pos>
<Pos Code="03">1</Pos>
</subfield>
	<subfield code="a">oa01<Pos Code="0001" Sens="orchestre - orchestre symphonique XIXe-XXe s.">oa</Pos>
<Pos Code="02">0</Pos>
<Pos Code="03">1</Pos>
</subfield>
</datafield>
<datafield tag="100" ind1=" " ind2=" ">
	<subfield code="3">12058131</subfield>
	<subfield code="w">.0..b.....</subfield>
	<subfield code="a">Hindemith</subfield>
	<subfield code="m">Paul</subfield>
	<subfield code="d">1895-1963</subfield>
</datafield>
<datafield tag="144" ind1="1" ind2=" ">
	<subfield code="w">....b.....</subfield>
	<subfield code="a">Mathis der Maler</subfield>
	<subfield code="e">opéra</subfield>
</datafield>
<datafield tag="600" ind1=" " ind2=" ">
	<subfield code="a">Opéra en 7 scènes</subfield>
	<subfield code="a">Livret du compositeur</subfield>
	<subfield code="a">Créé au Stadttheater de Zürich sous la direction de R.-F. Denzler le 28 mai 1938</subfield>
</datafield>
<datafield tag="608" ind1=" " ind2=" ">
	<subfield code="b">Rôles : Regina, Ursula (sopranos)</subfield>
	<subfield code="b">comtesse Helfenstein (mezzo)</subfield>
	<subfield code="b">Albrecht von Brandenburg, Wolfgang Capito, Hans Schwalb, Sylvester von Schaumberg, le sonneur (ténors)</subfield>
	<subfield code="b">Mathis, Lorenz von Pommersfelden, Truchsess von Waldburg (barytons)</subfield>
	<subfield code="b">Riedinger (basse)</subfield>
</datafield>
<datafield tag="608" ind1=" " ind2=" ">
	<subfield code="b">Regina, Ursula (sopranos)</subfield>
	<subfield code="b">comtesse Helfenstein (mezzo)</subfield>
	<subfield code="b">Albrecht von Brandenburg, Wolfgang Capito, Hans Schwalb, Sylvester von Schaumberg, le sonneur (ténors)</subfield>
	<subfield code="b">Mathis, Lorenz von Pommersfelden, Truchsess von Waldburg (barytons)</subfield>
	<subfield code="b">Riedinger (basse)...</subfield>
</datafield>
<datafield tag="610" ind1=" " ind2=" ">
	<subfield code="a">Grove opera</subfield>
</datafield>
<datafield tag="610" ind1=" " ind2=" ">
	<subfield code="a">Mathis der Maler und der &quot;Fall Hindemith&quot;... / Gudrun Breimann, 1997</subfield>
</datafield>
<datafield tag="624" ind1=" " ind2=" ">
	<subfield code="a">780<Pos Code="0002" Sens="Musique">780</Pos>
</subfield>
</datafield>
<datafield tag="907" ind1=" " ind2=" ">
	<subfield code="o">GEA</subfield>
	<subfield code="a">007457076</subfield>
</datafield>
<datafield tag="917" ind1=" " ind2=" ">
	<subfield code="o">OPL</subfield>
	<subfield code="a">013266410</subfield>
</datafield>
<datafield tag="917" ind1=" " ind2=" ">
	<subfield code="o">OPC</subfield>
	<subfield code="a">100729020</subfield>
</datafield>
<Attr Nom="IDPerenne">ark:/12148/cb139420593</Attr>
<Attr Nom="NumSource">GEA 007457076</Attr>
<Attr Nom="Source" Sens="BnF catalogue général (depuis 1999)">A</Attr>
<Attr Nom="NumAutoriteLiee">12058131</Attr>
<Attr Nom="DateCreation">12/09/ 1991</Attr>
<Attr Nom="ResponsableCreation">MIGV2</Attr>
<Attr Nom="StructCreation">1</Attr>
<Attr Nom="DateDerniereValidation">08/11/ 2010</Attr>
<Attr Nom="ResponsableDerniereValidation">MIGV4</Attr>
<Attr Nom="StructPremiereValidation">1</Attr>
<Attr Nom="DatePremiereValidation">12/09/ 1991</Attr>
<Attr Nom="ResponsablePremiereValidation">MIGV2</Attr>
<Attr Nom="StructDerniereValidation">1</Attr>
<Attr Nom="NumSource" Rep="1">OPL 013266410</Attr>
<Attr Nom="NumSource" Rep="2">OPC 100729020</Attr>
</record>
